<record><leader>00000cas a2200000 a 4500</leader><controlfield tag="001">12603710</controlfield><controlfield tag="008">850926d190119uukyuwr ne      0    0eng c</controlfield><datafield ind1=" " ind2=" " tag="010"><subfield code="a">sn 85052147 </subfield></datafield><datafield ind1=" " ind2=" " tag="040"><subfield code="a">KNP</subfield><subfield code="b">eng</subfield><subfield code="c">KNP</subfield><subfield code="d">OCL</subfield><subfield code="d">OCLCQ</subfield><subfield code="d">NVF</subfield><subfield code="d">OCLCQ</subfield><subfield code="d">OCLCF</subfield><subfield code="d">OCLCO</subfield></datafield><datafield ind1="1" ind2=" " tag="029"><subfield code="a">AU@</subfield><subfield code="b">000021635635</subfield></datafield><datafield ind1=" " ind2=" " tag="042"><subfield code="a">pcc</subfield></datafield><datafield ind1=" " ind2=" " tag="043"><subfield code="a">n-us-ky</subfield></datafield><datafield ind1="0" ind2=" " tag="130"><subfield code="a">Weekly messenger (Mayfield, Ky.)</subfield></datafield><datafield ind1="1" ind2="4" tag="245"><subfield code="a">The weekly messenger.</subfield></datafield><datafield ind1=" " ind2=" " tag="260"><subfield code="a">Mayfield, Ky. :</subfield><subfield code="b">Messenger Pub. Co.</subfield></datafield><datafield ind1=" " ind2=" " tag="300"><subfield code="a">v. :</subfield><subfield code="b">ill.</subfield></datafield><datafield ind1=" " ind2=" " tag="310"><subfield code="a">Weekly</subfield></datafield><datafield ind1="1" ind2=" " tag="362"><subfield code="a">Began in 1901?</subfield></datafield><datafield ind1=" " ind2=" " tag="580"><subfield code="a">Daily eds.: Mayfield messenger (Mayfield, Ky.), &lt;1901&gt;; Daily messenger (Mayfield, Ky.), 1901-1923; Mayfield messenger (Mayfield, Ky. : 1923), 1923-</subfield></datafield><datafield ind1=" " ind2=" " tag="588"><subfield code="a">Description based on: Vol. 4, no. 18 (Jan. 7, [1904]).</subfield></datafield><datafield ind1=" " ind2="0" tag="651"><subfield code="a">Graves County (Ky.)</subfield><subfield code="v">Newspapers.</subfield></datafield><datafield ind1=" " ind2="0" tag="651"><subfield code="a">Mayfield (Ky.)</subfield><subfield code="v">Newspapers.</subfield></datafield><datafield ind1=" " ind2="7" tag="655"><subfield code="a">Newspapers.</subfield><subfield code="2">fast</subfield><subfield code="0">(OCoLC)fst01423814</subfield></datafield><datafield ind1=" " ind2="7" tag="651"><subfield code="a">Kentucky</subfield><subfield code="z">Graves County.</subfield><subfield code="2">fast</subfield><subfield code="0">(OCoLC)fst01206161</subfield></datafield><datafield ind1=" " ind2="7" tag="651"><subfield code="a">Kentucky</subfield><subfield code="z">Mayfield.</subfield><subfield code="2">fast</subfield><subfield code="0">(OCoLC)fst01212013</subfield></datafield><datafield ind1=" " ind2=" " tag="752"><subfield code="a">United States</subfield><subfield code="b">Kentucky</subfield><subfield code="c">Graves</subfield><subfield code="d">Mayfield.</subfield></datafield><datafield ind1="1" ind2=" " tag="775"><subfield code="t">Mayfield messenger (Mayfield, Ky.)</subfield><subfield code="w">(DLC)sn 85052144</subfield></datafield><datafield ind1="1" ind2=" " tag="775"><subfield code="t">Daily messenger (Mayfield, Ky.)</subfield><subfield code="w">(DLC)sn 85052145</subfield></datafield><datafield ind1="1" ind2=" " tag="775"><subfield code="t">Mayfield messenger (Mayfield, Ky. : 1923)</subfield><subfield code="w">(DLC)sn 85052146</subfield></datafield></record>